<record><leader>00000cas a2200000 a 4500</leader><controlfield tag="001">13744809</controlfield><controlfield tag="008">860618d18861888moudr ne      0    0eng d</controlfield><datafield ind1=" " ind2=" " tag="010"><subfield code="a">sn 86063981 </subfield></datafield><datafield ind1=" " ind2=" " tag="040"><subfield code="a">KSH</subfield><subfield code="b">eng</subfield><subfield code="c">KSH</subfield><subfield code="d">NPT</subfield><subfield code="d">MQN</subfield><subfield code="d">OCL</subfield><subfield code="d">OCLCQ</subfield><subfield code="d">UKMGB</subfield><subfield code="d">OCLCQ</subfield></datafield><datafield ind1="7" ind2=" " tag="016"><subfield code="a">013914769</subfield><subfield code="2">Uk</subfield></datafield><datafield ind1=" " ind2=" " tag="042"><subfield code="a">msc</subfield></datafield><datafield ind1="0" ind2=" " tag="130"><subfield code="a">Springfield daily Republican (Springfield, Mo. : 1886)</subfield></datafield><datafield ind1="1" ind2="0" tag="245"><subfield code="a">Springfield daily Republican.</subfield></datafield><datafield ind1=" " ind2=" " tag="260"><subfield code="a">Springfield [Mo.] :</subfield><subfield code="b">James E. Cowan</subfield></datafield><datafield ind1=" " ind2=" " tag="300"><subfield code="a">v.</subfield></datafield><datafield ind1=" " ind2=" " tag="310"><subfield code="a">Daily</subfield></datafield><datafield ind1="1" ind2=" " tag="362"><subfield code="a">Began in 1886; ceased in Dec. 1888?</subfield></datafield><datafield ind1=" " ind2=" " tag="580"><subfield code="a">Weekly eds.: Springfield Republican (Springfield, Mo. : Weekly), &lt;Sept. 2, 1886&gt;-Apr. 28, 1887, and: Springfield weekly Republican, May 5, 1887-&lt;Dec., 1888&gt;.</subfield></datafield><datafield ind1=" " ind2=" " tag="588"><subfield code="a">Description based on: Vol. 2, no. 4 (July 5, 1887).</subfield></datafield><datafield ind1=" " ind2="4" tag="651"><subfield code="a">Springfield (Mo.)</subfield><subfield code="v">Newspapers.</subfield></datafield><datafield ind1=" " ind2=" " tag="752"><subfield code="a">United States</subfield><subfield code="b">Missouri</subfield><subfield code="c">Greene</subfield><subfield code="d">Springfield.</subfield></datafield><datafield ind1="1" ind2=" " tag="775"><subfield code="t">Springfield Republican (Springfield, Mo. : Weekly)</subfield><subfield code="w">(DLC)sn 92058849</subfield></datafield><datafield ind1="1" ind2=" " tag="775"><subfield code="t">Springfield weekly Republican (Springfield, Mo.)</subfield><subfield code="w">(DLC)sn 92058850</subfield></datafield><datafield ind1="0" ind2="0" tag="785"><subfield code="t">Springfield Republican (Springfield, Mo. : 1889)</subfield><subfield code="w">(DLC)sn 90061639</subfield></datafield><datafield ind1="1" ind2=" " tag="029"><subfield code="a">AU@</subfield><subfield code="b">000022169308</subfield></datafield></record>